@article{durall2019unmasking,
  title={Unmasking deepfakes with simple features},
  author={Durall, Ricard and Keuper, Margret and Pfreundt, Franz-Josef and Keuper, Janis},
  journal={arXiv preprint arXiv:1911.00686},
  year={2019}
}